@article{imputacionGEIH,
  author =       {Restrepo, M. I. y Marin, Juan Miguel},
  title =        {Imputaci√≥n de ingresos en la Gran Encuesta Integrada de Hogares (GEIH) de 2010},
  journal =      {Revista Desarrollo y Sociedad},
  volume =       {},
  number =       {70},
  pages =        {219-243},
  year =         2010
}


@incollection{angrist1999,
      author    = {Angrist, Joshua},
      editor    = {Ashenfelter, Orley},
      title     = {Empirical strategies in labor economics},
      booktitle = {Handbook of labor economics},
      year      = {1999},
      publisher = {Elsevier},
      address   = {},
      pages     = {1277-1366}
    }
